
@misc{ita3e,
	author = {Thomas H. Cormen},
	title = {Introduction To Algorithms, 3rd Edition},
	date = {2009},
}

@misc{afaffd,
	author = {Thomas Lengauer And Robert Endre Tarjan},
	title = {A fast algorithm for finding dominators in a flowgraph},
	date = {1979},
}
