@misc{ID,
	author = {ACM ICPC},
	title = {https://icpc.baylor.edu/},
	date = {date},
}
