@online{gfg,
    author = {Geeks for Geeks},
    title = {www.geeksforgeeks.org},
    date = {2019},
    url = {https://www.geeksforgeeks.org},
}

@online{codechef,
    author = {CodeChef},
    title = {www.codechef.com},
    date = {2019},
    url = {https://www.codechef.com},
}
