@misc{ngpia,
    author = {Richard Hoche},
    title = {Nicomachi Geraseni Pythagorei Introductionis arithmeticae libri II},
    date = {1866},
}

@misc{eseapa,
    author = {J. C. Morehead},
    title = {Extension of the Sieve of Eratosthenes to arithmetical progressions and applications},
    date = {1909},
}

@misc{aipns,
    author = {Jonathan Sorenson},
    title = {An Introduction to Prime Number Sieves},
    date = {January 2, 1990},
}

@misc{pnap,
	author = {Crandall And Pomerance},
	title = {Prime Numbers: A Computational Perspective, second edition, Springer},
	date = {2005},
}

@misc{ssepap,
	author = {Bays, Carter. Hudson, Richard H},
	title = {The segmented sieve of Eratosthenes and primes in arithmetic progressions},
	date = {1977},
}

@online{gfgss,
	author = {Geeks for Geeks},
	title = {Segmented Sieve},
	date = {2019},
	url = {https://www.geeksforgeeks.org/segmented-sieve/},
}

@misc{ant,
	author = {E. Bach and J. Shallit},
	title = {Algorithmic Number Theory, Vol. 1: Efficient Algorithms, MIT Press, Cambridge, MA},
	date = {1996},
}

@misc{ompts,
	author = {Peng, T. A},
	title = {One Million Primes Through the Sieve},
	date = {19 March 2016},
}

@misc{lpnsaft,
	author = {Pritchard, Paul},
	title = {Linear prime-number sieves: a family tree},
	date = {1987},
}

@misc{oftst,
	author = {Shailesh A. Shirali},
	title = {On Fermatâ€™s two-square theorem},
	date = {March, 1997},
}
